

@Book{субботин2001классификация,
  title={Классификация},
  author={Субботин, А. Л.},
  year={2001},
  publisher={DirectMEDIA},
  pages={},
  langugage={russian}
}
@Book{голенков2023технология,
  title={Технология комплексной поддержки жизненного цикла семантически совместимых интеллектуальных компьютерных систем нового поколения},
  author={Голенков, В. В.},
  year={2023},
  publisher={Беспринт},
  pages={1037},
  langugage={russian}
}

@Book{bantsevich2022metasystem,
  Title                    = {Metasystem of the OSTIS Technology and the Standard of the OSTIS Technology},
  Author                   = {Bantsevich, Kseniya},
  Publisher                = {БГУИР},
  Year                     = {2022},
  City                     = {Минск},
  Pages                    = {12},
  Language                 = {russian}
} 
@Book{Колесников,
  Title                    = {Гибридные интеллектуальные системы. Теория и технология разработки},
  Author                   = {А.В. Колесников},
  Publisher                = {под ред. А.М. Яшина},
  Year                     = {2008},
  City                     = {СПБ},
  Pages                    = {711},
  Language                 = {russian}
} 
@Book{beta2008volume,
  Title                    = {Volume I Basic Programming Guide},
  Author                   = {Beta, Quicksilver},
  Year                     = {2008},
  Pages                    = {402},
  Language                 = {english}
} 


@Book{Гаврилов,
  Title                    = {Гибридные интеллектуальные системы},
  Author                   = {Гаврилов А.В.},
  Publisher                = {зд-во НГТУ},
  Year                     = {2009},
  City                     = {Новосибирск},
  Pages                    = {142},
  Language                 = {russian}
} 

@book{Осипов ,
    author          = {Осипов Г.С.},
    title           = {Приобретение знаний интеллектуальными системами},
    year            = {2010},
    publisher       = {Физмалит},
    City            = {Москва},
    numpages        = {212},
    language        = {russian},
} 